@misc{big_data,
    title="Shatnawi, A. Toward a new approach for sorting extremely large data files in the big data era / A. Shatnawi, Y. AlZahouri, M. A. Shehab [et al] // Cluster Computing. --- 2019. --- Vol. 22. --- P. 819--828",
    howpublished=""
}

@misc{book_shagbazyan,
    title="Шагбазян., Д. В. Алгоритмы  сортировки.  Анализ,  реализация,  применение: учебное  пособие / Д.В. Шагбазян,  А.А.  Штанюк,  Е.В.  Малкина. --- Нижний Новгород: Нижегородский госуниверситет, 2019. --- 42 с."
}

@misc{article_sortings,
	title="Лекция 43: Алгоритмы сортировки массивов. Внутренняя сортировка [Электронный ресурс]",
	howpublished="Режим доступа: \url{https://intuit.ru/studies/courses/648/504/lecture/11472} (дата обращения: 22.09.2022)"
}
@misc{article_insert,
	title="Сортировка вставками [Электронный ресурс]",
	howpublished="Режим доступа: \url{http://cppstudio.com/post/462/} (дата обращения: 22.09.2022)"
}
@misc{article_bucket,
	title="Тема 3. Компьютерный анализ данных. Лекция 10. Методы и алгоритмы обработки и анализа данных [Электронный ресурс]",
	howpublished="Режим доступа: \url{http://imamod.ru/~polyakov/arc/stud/mmca/lecture_10.pdf} (дата обращения: 28.09.2022)"
}

@misc{PythonBook,
    title="Лутц, Марк. Изучаем Python, том 1, 5-е изд. --- Пер. с англ. -- СПб.: ООО “Диалектика”, 2019. --- 832 с.",
    howpublished=""
}

@misc{process_time_text,
	title="time — Time access and conversions [Электронный ресурс]",
	howpublished="Режим доступа: \url{https://docs.python.org/3/library/time.html} (дата обращения: 22.09.2022)"
}

@misc{windows,
    title="Windows client documentation for IT Pros [Электронный ресурс]",
    howpublished="Режим доступа: \url{https://learn.microsoft.com/en-us/windows/resources/} (дата обращения: 22.09.2022)"
}

@misc{processor,
    title="Процессор Intel® Core™ i5-6260U [Электронный ресурс]",
    howpublished="Режим доступа: \url{https://ark.intel.com/content/www/ru/ru/ark/products/91160/intel-core-i56260u-processor-4m-cache-up-to-2-90-ghz.html} (дата обращения: 22.09.2022)"
}