@misc{ling1,
    title="Лингвистическая нечеткая логика [Электронный ресурс]",
    howpublished="Режим доступа: \url{https://intuit.ru/studies/courses/87/87/lecture/20515} (дата обращения: 18.12.2022)"
}

@misc{ling2,
    title="Нечеткие и лингвистические переменные [Электронный ресурс]",
    howpublished="Режим доступа: \url{http://dit.isuct.ru/IVT/BOOKS/IS/Model/gl43.htm} (дата обращения: 18.12.2022)"
}

@misc{dict,
    title="Словари [Электронный ресурс]",
    howpublished="Режим доступа: \url{https://younglinux.info/python/dictionary} (дата обращения: 18.12.2022)"
}

@misc{binary,
    title="Бинарный поиск [Электронный ресурс]",
    howpublished="Режим доступа: \url{https://prog-cpp.ru/search-binary/} (дата обращения: 18.12.2022)"
}

@misc{shtovba,
      title="Штовба, С. Д. Муравьиные алгоритмы // Exponenta Pro. --- 2003. --- № 4. --- С. 70--75"
}

@misc{ershov,
      title="Ершов, Н. М. Лекция 10. Муравьиные алгоритмы // ВМК МГУ. --- 2011. --- С. 1--14"
}

@misc{salesman,
      title="Задача коммивояжера [Электронный ресурс]",
      howpublished="Режим доступа: \url{http://old.math.nsc.ru/LBRT/k5/OR-MMF/TSPr.pdf} (дата обращения: 28.11.2022)"
}

@misc{ulyanov,
      title="Ульянов, М. В. Ресурсно-эффективные компьютерные алгоритмы. Разработка и анализ // М.: Наука-Физматлит. --- 2007. --- С. 201–-207"
}

@misc{PythonBook,
    title="Лутц, Марк. Изучаем Python, том 1, 5-е изд. --- Пер. с англ. -- СПб.: ООО “Диалектика”, 2019. --- 832 с.",
    howpublished=""
}

@misc{process_time_text,
	title="time — Time access and conversions [Электронный ресурс]",
	howpublished="Режим доступа: \url{https://docs.python.org/3/library/time.html} (дата обращения: 22.09.2022)"
}

@misc{windows,
    title="Windows client documentation for IT Pros [Электронный ресурс]",
    howpublished="Режим доступа: \url{https://learn.microsoft.com/en-us/windows/resources/} (дата обращения: 22.09.2022)"
}

@misc{processor,
    title="Процессор Intel® Core™ i5-6260U [Электронный ресурс]",
    howpublished="Режим доступа: \url{https://ark.intel.com/content/www/ru/ru/ark/products/91160/intel-core-i56260u-processor-4m-cache-up-to-2-90-ghz.html} (дата обращения: 22.09.2022)"
}