@misc{article_matrix,
	title="Матрица, ее история и применение [Электронный ресурс]",
	howpublished="Режим доступа: \url{https://urok.1sept.ru/articles/637896} (дата обращения: 03.10.2022)"
}

@misc{article_matrix_2,
	title="Перемножение матриц [Электронный ресурс]",
	howpublished="Режим доступа: \url{https://dic.academic.ru/dic.nsf/} (дата обращения: 03.10.2022)"
}

@misc{article_matrix_3,
	title="Умножение матриц по Винограду [Электронный ресурс]",
	howpublished="Режим доступа: \url{http://algolib.narod.ru/Math/Matrix.html} (дата обращения: 03.10.2022)"
}

@misc{article_matrix_4,
	title="Реализация алгоритма умножения матриц по Винограду на языке Haskell [Электронный ресурс]",
	howpublished="Режим доступа: \url{https://cyberleninka.ru/article/n/realizatsiya-algoritma-umnozheniya-matrits-po-vinogradu-na-yazyke-haskell} (дата обращения: 03.10.2022)"
}

@misc{PythonBook,
    title="Изучаем Python, том 1, 5-е изд  /  Лутц, Марк. --- Пер. с англ. -- СПб.: ООО “Диалектика”, 2019. --- 832 с.",
    howpublished=""
}

@misc{process_time_text,
	title="time — Time access and conversions [Электронный ресурс]",
	howpublished="Режим доступа: \url{https://docs.python.org/3/library/time.html} (дата обращения: 22.09.2022)"
}