@inbook{Levenshtein,
	author="Левенштейн, В. И.",
	title="Двоичные коды с исправлением выпадений, вставок и замещений символов",
	publisher="--- М.: Доклады АН СССР",
	volume=163,
	chapter=4,
	pages="845--848",
	language="russian",
	year=1965
}

@inbook{PythonBook,
	author="Лутц, Марк",
	title="Изучаем Python, том 1, 5-е изд.",
	publisher="Пер. с англ. --- СПб.: ООО “Диалектика”",
	pages=832,
	language="russian",
	year=2019
}

@misc{process_time_text,
	title="time — Time access and conversions [Электронный ресурс]",
	howpublished="Режим доступа: \url{https://docs.python.org/3/library/time.html} (дата обращения: 15.09.2022)"
}