@misc{integrals,
	title="The Midpoint and Trapezoidal Rules [Электронный ресурс]",
	howpublished="Режим доступа: \url{https://courses.lumenlearning.com/calculus2/chapter/the-midpoint-and-trapezoidal-rules/} (дата обращения: 17.11.2022)"
}

@misc{cpp,
	title="Документация по языку C++ [Электронный ресурс]",
	howpublished="Режим доступа: \url{https://docs.microsoft.com/ru-ru/cpp/cpp/?view=msvc-170} (дата обращения: 17.11.2022)"
}

@misc{chrono,
	title="Date and time utilities [Электронный ресурс]",
	howpublished="Режим доступа: \url{https://en.cppreference.com/w/cpp/chrono} (дата обращения: 17.11.2022)"
}

@misc{python,
    title="Изучаем Python, том 1, 5-е изд  /  Лутц, Марк. --- Пер. с англ. -- СПб.: ООО “Диалектика”, 2019. --- 832 с.",
    howpublished=""
}